<?xml version="1.0" encoding="UTF-8"?><collection xmlns="http://www.loc.gov/MARC21/slim"><record><leader>00422nam--2200133-i-4500</leader><controlfield tag="001">000006890</controlfield><controlfield tag="002">20161230</controlfield><controlfield tag="005">20161230201027</controlfield><controlfield tag="008">060222s1000------------r-----000-0-eng-d</controlfield><datafield ind1=" " ind2=" " tag="080"><subfield code="a">517.2/3(076)</subfield></datafield><datafield ind1=" " ind2=" " tag="100"><subfield code="a">Arama, Lia, Morozan, Teodor</subfield></datafield><datafield ind1=" " ind2=" " tag="245"><subfield code="a">Culegere de probleme de calcul diferential si integral. i. functii. derivate. primitive. integrale definite</subfield></datafield><datafield ind1=" " ind2=" " tag="260"><subfield code="a">Bucuresti, Editura Tehnica, 1964 353 P</subfield></datafield><datafield ind1=" " ind2=" " tag="852"><subfield code="a">9774</subfield></datafield></record></collection>